<record><leader>01990pam a2200397 i 4500</leader><controlfield tag="001">6815631</controlfield><controlfield tag="003">OCoLC</controlfield><controlfield tag="005">20150217111347.0</controlfield><controlfield tag="008">150206s2015    enka     b    001 0 eng  </controlfield><datafield ind1=" " ind2=" " tag="010"><subfield code="a">  2014043729</subfield></datafield><datafield ind1=" " ind2=" " tag="020"><subfield code="a">9781107049499</subfield></datafield><datafield ind1=" " ind2=" " tag="020"><subfield code="a">1107049490</subfield></datafield><datafield ind1=" " ind2=" " tag="035"><subfield code="a">ocn898909074</subfield></datafield><datafield ind1=" " ind2=" " tag="040"><subfield code="a">DLC</subfield><subfield code="b">eng</subfield><subfield code="e">rda</subfield><subfield code="c">DLC</subfield><subfield code="d">YDXCP</subfield><subfield code="d">OCLCO</subfield><subfield code="d">UAB</subfield><subfield code="d">AEU</subfield></datafield><datafield ind1=" " ind2=" " tag="042"><subfield code="a">pcc</subfield></datafield><datafield ind1=" " ind2=" " tag="043"><subfield code="a">eb-----</subfield></datafield><datafield ind1="0" ind2="0" tag="050"><subfield code="a">JC599.B295</subfield><subfield code="b">P47 2015</subfield></datafield><datafield ind1="0" ind2="0" tag="082"><subfield code="a">323.4/909479</subfield><subfield code="2">23</subfield></datafield><datafield ind1=" " ind2=" " tag="090"><subfield code="a">JC 599 B295 P47 2015</subfield><subfield code="b">AEU</subfield></datafield><datafield ind1="1" ind2=" " tag="100"><subfield code="a">Pettai, Eva-Clarita,</subfield><subfield code="e">author.</subfield></datafield><datafield ind1="1" ind2="0" tag="245"><subfield code="a">Transitional and retrospective justice in the Baltic states /</subfield><subfield code="c">Eva-Clarita Pettai and Vello Pettai.</subfield></datafield><datafield ind1=" " ind2="1" tag="264"><subfield code="a">Cambridge, United Kingdom :</subfield><subfield code="b">Cambridge University Press,</subfield><subfield code="c">2015.</subfield></datafield><datafield ind1=" " ind2=" " tag="300"><subfield code="a">xiii, 375 pages :</subfield><subfield code="b">illustrations ;</subfield><subfield code="c">24 cm</subfield></datafield><datafield ind1=" " ind2=" " tag="336"><subfield code="a">text</subfield><subfield code="b">txt</subfield><subfield code="2">rdacontent</subfield></datafield><datafield ind1=" " ind2=" " tag="337"><subfield code="a">unmediated</subfield><subfield code="b">n</subfield><subfield code="2">rdamedia</subfield></datafield><datafield ind1=" " ind2=" " tag="338"><subfield code="a">volume</subfield><subfield code="b">nc</subfield><subfield code="2">rdacarrier</subfield></datafield><datafield ind1=" " ind2=" " tag="504"><subfield code="a">Includes bibliographical references and index.</subfield></datafield><datafield ind1="0" ind2=" " tag="505"><subfield code="a">Post-communist transitional justice : framing the subject -- Comparable or incomparable : placing the Baltic states in context -- Punishing the perpetrators : criminal investigations and trials -- Truth or punishment : purges, bargains and exposure of wrongdoing -- Righting past wrong : rehabilitation, compensation and restitution for victims -- Official recognition of victims : non-judicial truth-seeking and commemoration -- External reverberations : the international dimension of Baltic truth and justice.</subfield></datafield><datafield ind1=" " ind2=" " tag="596"><subfield code="a">16 43</subfield></datafield><datafield ind1=" " ind2="0" tag="650"><subfield code="a">Transitional justice</subfield><subfield code="z">Baltic States.</subfield></datafield><datafield ind1=" " ind2="0" tag="650"><subfield code="a">State crimes</subfield><subfield code="z">Baltic States</subfield><subfield code="x">History</subfield><subfield code="y">20th century.</subfield></datafield><datafield ind1=" " ind2="0" tag="650"><subfield code="a">Post-communism</subfield><subfield code="z">Baltic States.</subfield></datafield><datafield ind1="1" ind2=" " tag="700"><subfield code="a">Pettai, Vello,</subfield><subfield code="e">author.</subfield></datafield><datafield ind1=" " ind2=" " tag="949"><subfield code="a">JC 599 B295 P47 2015</subfield><subfield code="h">UAAU-B</subfield><subfield code="i">0162035245495</subfield></datafield><datafield ind1=" " ind2=" " tag="926"><subfield code="a">JC 599 B295 P47 2015</subfield><subfield code="w">LC</subfield><subfield code="c">1</subfield><subfield code="i">0162035245495</subfield><subfield code="l">ON_SHELF</subfield><subfield code="m">UAAUG</subfield><subfield code="p">$150.00</subfield><subfield code="r">Y</subfield><subfield code="s">Y</subfield><subfield code="t">BOOK</subfield><subfield code="u">3/4/2015</subfield></datafield><datafield ind1=" " ind2=" " tag="926"><subfield code="a">JC 599 B295 P47 2015</subfield><subfield code="w">LC</subfield><subfield code="c">1</subfield><subfield code="i">0162035259330</subfield><subfield code="l">ON_SHELF</subfield><subfield code="m">UAHSS</subfield><subfield code="p">$150.00</subfield><subfield code="r">Y</subfield><subfield code="s">Y</subfield><subfield code="t">BOOK</subfield><subfield code="u">3/25/2015</subfield></datafield></record>